@InProceedings{POPLMark,
author="Aydemir, Brian E.
and Bohannon, Aaron
and Fairbairn, Matthew
and Foster, J. Nathan
and Pierce, Benjamin C.
and Sewell, Peter
and Vytiniotis, Dimitrios
and Washburn, Geoffrey
and Weirich, Stephanie
and Zdancewic, Steve",
editor="Hurd, Joe
and Melham, Tom",
title="Mechanized Metatheory for the Masses: The PoplMark Challenge",
booktitle="Theorem Proving in Higher Order Logics",
year="2005",
publisher="Springer Berlin Heidelberg",
address="Berlin, Heidelberg",
pages="50--65",
abstract="How close are we to a world where every paper on programming languages is accompanied by an electronic appendix with machine-checked proofs?",
isbn="978-3-540-31820-0"
}

@article{POPLMarkReloaded,
title={POPLMark reloaded: Mechanizing proofs by logical relations},
volume={29},
DOI={10.1017/S0956796819000170},
journal={Journal of Functional Programming},
publisher={Cambridge University Press},
author={Abel, Andreas And Allais, Guillaume And Hameer, Aliya And Pientka, Brigitte And Momigliano, Alberto And Sch√§fer, Steven And Stark, Kathrin},
year={2019},
pages={e19}
}



@inproceedings{DBLP:conf/forte/ZalakainD21,
  author       = {Uma Zalakain and
                  Ornela Dardha},
  editor       = {Kirstin Peters and
                  Tim A. C. Willemse},
  title        = {{\(\pi\)} with Leftovers: {A} Mechanisation in Agda},
  booktitle    = {Formal Techniques for Distributed Objects, Components, and Systems
                  - 41st {IFIP} {WG} 6.1 International Conference, {FORTE} 2021, Held
                  as Part of the 16th International Federated Conference on Distributed
                  Computing Techniques, DisCoTec 2021, Valletta, Malta, June 14-18,
                  2021, Proceedings},
  series       = {Lecture Notes in Computer Science},
  volume       = {12719},
  pages        = {157--174},
  publisher    = {Springer},
  year         = {2021},
  url          = {https://doi.org/10.1007/978-3-030-78089-0\_9},
  doi          = {10.1007/978-3-030-78089-0\_9},
  timestamp    = {Tue, 15 Jun 2021 17:23:41 +0200},
  biburl       = {https://dblp.org/rec/conf/forte/ZalakainD21.bib},
  bibsource    = {dblp computer science bibliography, https://dblp.org}
}



@inproceedings{DBLP:conf/ppdp/Thiemann19,
  author       = {Peter Thiemann},
  editor       = {Ekaterina Komendantskaya},
  title        = {Intrinsically-Typed Mechanized Semantics for Session Types},
  booktitle    = {Proceedings of the 21st International Symposium on Principles and
                  Practice of Programming Languages, {PPDP} 2019, Porto, Portugal, October
                  7-9, 2019},
  pages        = {19:1--19:15},
  publisher    = {{ACM}},
  year         = {2019},
  url          = {https://doi.org/10.1145/3354166.3354184},
  doi          = {10.1145/3354166.3354184},
  timestamp    = {Mon, 23 Mar 2020 12:22:51 +0100},
  biburl       = {https://dblp.org/rec/conf/ppdp/Thiemann19.bib},
  bibsource    = {dblp computer science bibliography, https://dblp.org}
}

@Misc{BP23,
  OPTkey = 	 {},
  author = 	 {Pientka et al},
  title = 	 {Mechanizing Session-Types Using a Structural View. 
Enforcing linearity without linearity},
  howpublished = {to appear in OOPSALA},
  OPTmonth = 	 {},
  year = 	 {2023},
  OPTnote = 	 {},
  OPTannote = 	 {}
}



@article{DBLP:journals/tocl/TiuM10,
  author       = {Alwen Tiu and
                  Dale Miller},
  title        = {Proof search specifications of bisimulation and modal logics for the
                  pi-calculus},
  journal      = {{ACM} Trans. Comput. Log.},
  volume       = {11},
  number       = {2},
  pages        = {13:1--13:35},
  year         = {2010},
  url          = {https://doi.org/10.1145/1656242.1656248},
  doi          = {10.1145/1656242.1656248},
  timestamp    = {Sat, 09 Apr 2022 12:32:18 +0200},
  biburl       = {https://dblp.org/rec/journals/tocl/TiuM10.bib},
  bibsource    = {dblp computer science bibliography, https://dblp.org}
}



@inproceedings{DBLP:conf/tphol/Gay01,
  author       = {Simon J. Gay},
  editor       = {Richard J. Boulton and
                  Paul B. Jackson},
  title        = {A Framework for the Formalisation of Pi Calculus Type Systems in Isabelle/HOL},
  booktitle    = {Theorem Proving in Higher Order Logics, 14th International Conference,
                  TPHOLs 2001, Edinburgh, Scotland, UK, September 3-6, 2001, Proceedings},
  series       = {Lecture Notes in Computer Science},
  volume       = {2152},
  pages        = {217--232},
  publisher    = {Springer},
  year         = {2001},
  url          = {https://doi.org/10.1007/3-540-44755-5\_16},
  doi          = {10.1007/3-540-44755-5\_16},
  timestamp    = {Tue, 14 May 2019 10:00:48 +0200},
  biburl       = {https://dblp.org/rec/conf/tphol/Gay01.bib},
  bibsource    = {dblp computer science bibliography, https://dblp.org}
}

