@InProceedings{POPLMark,
author="Aydemir, Brian E.
and Bohannon, Aaron
and Fairbairn, Matthew
and Foster, J. Nathan
and Pierce, Benjamin C.
and Sewell, Peter
and Vytiniotis, Dimitrios
and Washburn, Geoffrey
and Weirich, Stephanie
and Zdancewic, Steve",
editor="Hurd, Joe
and Melham, Tom",
title="Mechanized Metatheory for the Masses: The PoplMark Challenge",
booktitle="Theorem Proving in Higher Order Logics",
series="Lecture Notes in Computer Science",
volume="3603",
year="2005",
publisher="Springer Berlin Heidelberg",
address="Berlin, Heidelberg",
pages="50--65",
abstract="How close are we to a world where every paper on programming languages is accompanied by an electronic appendix with machine-checked proofs?",
isbn="978-3-540-31820-0"
}

@article{POPLMarkReloaded,
 title =	 {POPLMark reloaded: Mechanizing proofs by logical
                  relations},
 volume =	 29,
 DOI =		 {10.1017/S0956796819000170},
 journal =	 {Journal of Functional Programming},
 publisher =	 {Cambridge University Press},
 author =	 {Abel, Andreas and Allais, Guillaume and Hameer,
                  Aliya and Pientka, Brigitte and Momigliano, Alberto
                  and Sch√§fer, Steven and Stark, Kathrin},
  year =	 2019,
  eid =	 {e19}
}